<?xml version="1.0" encoding="UTF-8"?><collection xmlns="http://www.loc.gov/MARC21/slim"><record><leader>00421nam--2200121-i-4500</leader><controlfield tag="001">000001983</controlfield><controlfield tag="002">20161230</controlfield><controlfield tag="005">20161230201024</controlfield><controlfield tag="008">060222s1000------------r-----000-0-eng-d</controlfield><datafield ind1=" " ind2=" " tag="100"><subfield code="a">Fremeaux, Pierre</subfield></datafield><datafield ind1=" " ind2=" " tag="245"><subfield code="a">Application des compteurs a scintillation a la spectrographie gamma.realisation d un dispositif de vide pour la spectrographie beta et beta-gamma.these</subfield></datafield><datafield ind1=" " ind2=" " tag="260"><subfield code="a">Lyon, Faculte Des Sciencces, 1959</subfield></datafield><datafield ind1=" " ind2=" " tag="852"><subfield code="a">6416</subfield></datafield></record></collection>